%% This BibTeX bibliography file was created using BibDesk.
%% http://bibdesk.sourceforge.net/


%% Created for Michael Bender at 2014-09-23 12:30:29 -0400


%% Saved with string encoding Unicode (UTF-8)

@article{yu2015entropy,
  title={Entropy-scaling search of massive biological data},
  author={Yu, Y William and Daniels, Noah M and Danko, David Christian and Berger, Bonnie},
  journal={Cell systems},
  volume={1},
  number={2},
  pages={130--140},
  year={2015},
  publisher={Elsevier}
}

@article {Murray16KWIP,
	author = {Murray, Kevin D and Webers, Christfried and Ong, Cheng Soon and Borevitz, Justin O and Warthmann, Norman},
	title = {kWIP: The k-mer Weighted Inner Product, a de novo Estimator of Genetic Similarity},
	year = {2016},
	doi = {10.1101/075481},
	publisher = {Cold Spring Harbor Labs Journals},
	URL = {http://biorxiv.org/content/early/2016/10/04/075481},
	eprint = {http://biorxiv.org/content/early/2016/10/04/075481.full.pdf},
	journal = {bioRxiv}
}

@article{Vinga03Alignment,
  title={Alignment-free sequence comparison—a review},
  author={Vinga, Susana and Almeida, Jonas},
  journal={Bioinformatics},
  volume={19},
  number={4},
  pages={513--523},
  year={2003},
  publisher={Oxford Univ Press}
}

@article{bender2012don,
    title={Don't thrash: how to cache your hash on flash},
    author={Bender, Michael A and Farach-Colton, Martin and Johnson, Rob and Kraner, Russell and Kuszmaul, Bradley C and Medjedovic, Dzejla and Montes, Pablo and Shetty, Pradeep and Spillane, Richard P and Zadok, Erez},
    journal={Proceedings of the VLDB Endowment},
    volume={5},
    number={11},
    pages={1627--1637},
    year={2012},
    publisher={VLDB Endowment}
	}

@inproceedings{fan2014cuckoo,
    title={Cuckoo Filter: Practically Better Than {Bloom}},
    author={Fan, Bin and Andersen, Dave G and Kaminsky, Michael and Mitzenmacher, Michael D},
    booktitle={Proceedings of the 10th ACM International on Conference on emerging Networking Experiments and Technologies},
    pages={75--88},
    year={2014},
    organization={ACM}
	    }

@article{qiao2014fast,
    title={Fast {Bloom} Filters and Their Generalization},
    author={Qiao, Yan and Li, Tao and Chen, Shigang},
    journal={Parallel and Distributed Systems, IEEE Transactions on},
    volume={25},
    number={1},
    pages={93--103},
    year={2014},
    publisher={IEEE}
		}

@incollection{putze2007cache,
  title={Cache-, hash-and space-efficient bloom filters},
  author={Putze, Felix and Sanders, Peter and Singler, Johannes},
  booktitle={Experimental Algorithms},
  pages={108--121},
  year={2007},
  publisher={Springer}
}

@inproceedings{canim2010buffered,
  title={Buffered {Bloom} Filters on Solid State Storage.},
  author={Canim, Mustafa and Mihaila, George A and Bhattacharjee, Bishwaranjan and Lang, Christian A and Ross, Kenneth A},
  booktitle={ADMS@ VLDB},
  pages={1--8},
  year={2010}
}

@inproceedings{lu2011forest,
  title={A Forest-structured {Bloom} Filter with flash memory},
  author={Lu, Guanlin and Debnath, Biplob and Du, David HC},
  booktitle={Mass Storage Systems and Technologies (MSST), 2011 IEEE 27th Symposium on},
  pages={1--6},
  year={2011},
  organization={IEEE}
}

@inproceedings{debnath2011bloomflash,
  title={{BloomFlash:} {Bloom} filter on flash-based storage},
  author={Debnath, Biplob and Sengupta, Sudipta and Li, Jin and Lilja, David J and Du, David HC},
  booktitle={Distributed Computing Systems (ICDCS), 2011 31st International Conference on},
  pages={635--644},
  year={2011},
  organization={IEEE}
}

@inproceedings{cohen2003spectral,
    title={Spectral bloom filters},
    author={Cohen, Saar and Matias, Yossi},
    booktitle={Proceedings of the 2003 ACM SIGMOD international conference on Management of data},
    pages={241--252},
    year={2003},
    organization={ACM}
	    }

@inproceedings{hua2008rank,
    title={Rank-indexed hashing: A compact construction of bloom filters and variants},
    author={Hua, Nan and Zhao, Haiquan and Lin, Bill and Xu, Jun},
    booktitle={Network Protocols, 2008. ICNP 2008. IEEE International Conference on},
    pages={73--82},
    year={2008},
    organization={IEEE}
	    }

@article{fan2000summary,
  title={Summary cache: a scalable wide-area web cache sharing protocol},
  author={Fan, Li and Cao, Pei and Almeida, Jussara and Broder, Andrei Z},
  journal={IEEE/ACM Transactions on Networking (TON)},
  volume={8},
  number={3},
  pages={281--293},
  year={2000},
  publisher={IEEE Press}
}

@incollection{bonomi2006improved,
  title={An improved construction for counting bloom filters},
  author={Bonomi, Flavio and Mitzenmacher, Michael and Panigrahy, Rina and Singh, Sushil and Varghese, George},
  booktitle={Algorithms--ESA 2006},
  pages={684--695},
  year={2006},
  publisher={Springer}
	    }

@inproceedings{yuan2008counting,
  title={Counting data stream based on improved counting {Bloom} filter},
  author={Yuan, Zhijian and Miao, Jiajia and Jia, Yan and Wang, Le},
  booktitle={Web-Age Information Management, 2008. WAIM'08. The Ninth International Conference on},
  pages={512--519},
  year={2008},
  organization={IEEE}
}

@inproceedings{pagh2005optimal,
    title={An optimal {Bloom} filter replacement},
    author={Pagh, Anna and Pagh, Rasmus and Rao, S Srinivasa},
    booktitle={Proceedings of the sixteenth annual ACM-SIAM symposium on Discrete algorithms},
    pages={823--829},
    year={2005},
    organization={Society for Industrial and Applied Mathematics}
	    }

@article{cormode2005improved,
    title={An improved data stream summary: the count-min sketch and its applications},
    author={Cormode, Graham and Muthukrishnan, S},
    journal={Journal of Algorithms},
    volume={55},
    number={1},
    pages={58--75},
    year={2005},
    publisher={Elsevier}
		}

@article{almeida2007scalable,
    title={Scalable bloom filters},
    author={Almeida, Paulo S{\'e}rgio and Baquero, Carlos and Pregui{\c{c}}a, Nuno and Hutchison, David},
    journal={Information Processing Letters},
    volume={101},
    number={6},
    pages={255--261},
    year={2007},
    publisher={Elsevier}
		}

@inproceedings{lim2011silt,
    title={SILT: A memory-efficient, high-performance key-value store},
    author={Lim, Hyeontaek and Fan, Bin and Andersen, David G and Kaminsky, Michael},
    booktitle={Proceedings of the Twenty-Third ACM Symposium on Operating Systems Principles},
    pages={1--13},
    year={2011},
    organization={ACM}
	    }

@article{broder2004network,
    title={Network applications of bloom filters: A survey},
    author={Broder, Andrei and Mitzenmacher, Michael},
    journal={Internet mathematics},
    volume={1},
    number={4},
    pages={485--509},
    year={2004},
    publisher={Taylor \& Francis}
		}

@article{guide2010intel,
  title={Intel{\textregistered} 64 and IA-32 Architectures Software Developer’s Manual},
    author={Guide, Part},
      year={2010}
      }

@inproceedings{chazelle2004bloomier,
    title={The {Bloomier} filter: an efficient data structure for static support lookup tables},
    author={Chazelle, Bernard and Kilian, Joe and Rubinfeld, Ronitt and Tal, Ayellet},
    booktitle={Proceedings of the fifteenth annual ACM-SIAM symposium on Discrete algorithms},
    pages={30--39},
    year={2004},
    organization={Society for Industrial and Applied Mathematics}
	    }

@incollection{zhou2013space,
    title={Space-efficient, high-performance rank and select structures on uncompressed bit sequences},
    author={Zhou, Dong and Andersen, David G and Kaminsky, Michael},
    booktitle={Experimental Algorithms},
    pages={151--163},
    year={2013},
    publisher={Springer}
}

@inproceedings{jacobson1989space,
    title={Space-efficient static trees and graphs},
    author={Jacobson, Guy},
    booktitle={Foundations of Computer Science, 1989., 30th Annual Symposium on},
    pages={549--554},
    year={1989},
    organization={IEEE}
}

@phdthesis{clark1998compact,
    title={Compact Pat nees},
    author={Clark, David},
    year={1998},
    school={PhD thesis, University of Waterloo}
}

article{elias1974efficient,
    title={Efficient storage and retrieval by content and address of static files},
    author={Elias, Peter},
    journal={Journal of the ACM (JACM)},
    volume={21},
    number={2},
    pages={246--260},
    year={1974},
    publisher={ACM}
}

@book{fano1971number,
    title={On the number of bits required to implement an associative memory},
    author={Fano, Robert Mario},
    year={1971},
    publisher={Massachusetts Institute of Technology, Project MAC}
}

@article{bloom1970space,
    title={Space/time trade-offs in hash coding with allowable errors},
    author={Bloom, Burton H},
    journal={Communications of the ACM},
    volume={13},
    number={7},
    pages={422--426},
    year={1970},
    publisher={ACM}
}

@article{agarwal2013mergeable,
  title={Mergeable summaries},
  author={Agarwal, Pankaj K and Cormode, Graham and Huang, Zengfeng and Phillips, Jeff M and Wei, Zhewei and Yi, Ke},
  journal={ACM Transactions on Database Systems (TODS)},
  volume={38},
  number={4},
  pages={26},
  year={2013},
  publisher={ACM}
}

@article{cleary1984compact,
  title={Compact hash tables using bidirectional linear probing},
  author={Cleary, John G.},
  journal={IEEE Trans. Computers},
  volume={33},
  number={9},
  pages={828--834},
  year={1984}
}

@article{farina2009rank,
  title={Rank and select for succinct data structures},
  author={Fari{\~n}a, Antonio and Ladra, Susana and Pedreira, Oscar and Places, {\'A}ngeles S},
  journal={Electronic Notes in Theoretical Computer Science},
  volume={236},
  pages={131--145},
  year={2009},
  publisher={Elsevier}
}

@article{navarro2007compressed,
title={Compressed full-text indexes},
  author={Navarro, Gonzalo and M{\"a}kinen, Veli},
  journal={ACM Computing Surveys (CSUR)},
  volume={39},
  number={1},
  pages={2},
  year={2007},
  publisher={ACM}
}

@inproceedings{boldi2004webgraph,
  title={The webgraph framework I: compression techniques},
  author={Boldi, Paolo and Vigna, Sebastiano},
  booktitle={Proceedings of the 13th international conference on World Wide Web},
  pages={595--602},
  year={2004},
  organization={ACM}
}

@incollection{durand2003loglog,
  title={Loglog counting of large cardinalities},
  author={Durand, Marianne and Flajolet, Philippe},
  booktitle={Algorithms-ESA 2003},
  pages={605--617},
  year={2003},
  publisher={Springer}
}

@article{whang1990linear,
  title={A linear-time probabilistic counting algorithm for database applications},
  author={Whang, Kyu-Young and Vander-Zanden, Brad T and Taylor, Howard M},
  journal={ACM Transactions on Database Systems (TODS)},
  volume={15},
  number={2},
  pages={208--229},
  year={1990},
  publisher={ACM}
}

@article{flajolet2008hyperloglog,
  title={HyperLogLog: the analysis of a near-optimal cardinality estimation algorithm},
  author={Flajolet, Philippe and Fusy, {\'E}ric and Gandouet, Olivier and Meunier, Fr{\'e}d{\'e}ric},
  journal={DMTCS Proceedings},
  number={1},
  year={2008}
}

@article{naor1999construction,
    title={On the Construction of Pseudorandom Permutations: Luby—Rackoff Revisited},
    author={Naor, Moni and Reingold, Omer},
    journal={Journal of Cryptology},
    volume={12},
    number={1},
    pages={29--66},
    year={1999},
    publisher={Springer}
}

@misc{bloom,
  author = {Partow},
  title = {{C++} {Bloom} Filter Library},
  howpublished = {\url{https://code.google.com/p/bloom/}},
  note = {[Online; accessed 19-July-2014]}
}

@misc{cf,
  author = {Bin Fan},
  title = {C++ Cuckoo Filter},
  howpublished = {\url{https://github.com/efficient/cuckoofilter}},
  year = {2014},
  note = {[Online; accessed 19-July-2014]}
}

@misc{cbf,
  author = {Matthias Vallentin},
  title = {C++ Counting {Bloom} filter},
  howpublished = {\url{https://github.com/mavam/libbf}},
  year = {2015},
  note = {[Online; accessed 19-July-2014]}
}

@misc{key-value,
  author = {Wikipedia},
  title = {Key-Value Store},
  howpublished = {\url{https://en.wikipedia.org/wiki/Key-value_database}},
  year = {2014},
  note = {[Online; accessed 19-July-2014]}
}

@misc{Zipf's-law,
  author = {Wikipedia},
  title = {Zipf's Value},
  howpublished = {\url{https://en.wikipedia.org/wiki/Zipf%27s_law}},
  year = {2014},
  note = {[Online; accessed 19-July-2014]}
}

@misc{website-popularity,
  author = {JAKOB NIELSEN},
  title = {Website Popularity},
  howpublished = {\url{http://www.nngroup.com/articles/zipf-curves-and-website-popularity/}},
  year = {2014},
  note = {[Online; accessed 19-July-2014]}
}

@inproceedings{powers1998applications,
  title={Applications and explanations of Zipf's law},
  author={Powers, David MW},
  booktitle={Proceedings of the joint conferences on new methods in language processing and computational natural language learning},
  pages={151--160},
  year={1998},
  organization={Association for Computational Linguistics}
}

@article{li1992random,
  title={Random texts exhibit Zipf's-law-like word frequency distribution},
  author={Li, Wentian},
  journal={Information Theory, IEEE Transactions on},
  volume={38},
  number={6},
  pages={1842--1845},
  year={1992},
  publisher={IEEE}
}

@article{zhang2014these,
  title={These are not the k-mers you are looking for: efficient online k-mer counting using a probabilistic data structure},
  author={Zhang, Qingpeng and Pell, Jason and Canino-Koning, Rosangela and Howe, Adina Chuang and Brown, C Titus},
  year={2014}
}

@inproceedings{gonzalez2005practical,
  title={Practical implementation of rank and select queries},
  author={Gonz{\'a}lez, Rodrigo and Grabowski, Szymon and M{\"a}kinen, Veli and Navarro, Gonzalo},
  booktitle={Poster Proceedings Volume of 4th Workshop on Efficient and Experimental Algorithms (WEA)},
  pages={27--38},
  year={2005}
}

@misc{sdsl,
	author = {Simon Gog},
	howpublished = {\url{https://github.com/simongog/sdsl-lite}},
	note = {[online; accessed 01-Feb-2017]},
	title = {Succinct Data Structure Library},
	year = {2017}
}

@article{PhysRevE.82.011102,
  title = {Universality of Zipf's law},
  color=gray, mark=otimes, author = {Corominas-Murtra, Bernat and Sol\'e, Ricard V.},
  journal = {Phys. Rev. E},
  volume = {82},
  issue = {1},
  pages = {011102},
  numpages = {9},
  year = {2010},
  month = {Jul},
  publisher = {American Physical Society},
  doi = {10.1103/PhysRevE.82.011102},
  url = {http://link.aps.org/doi/10.1103/PhysRevE.82.011102}
}

@article{IqbalCaTu12,
	author = "{Iqbal Zamin} and {Caccamo Mario} and {Turner Isaac} and {Flicek Paul} and {McVean Gil}",
	doi = "http://dx.doi.org/10.1038/ng.1028 10.1038/ng.1028",
	month = "January",
	pages = "226---232",
	publisher = "Nature Publishing Group, a division of Macmillan Publishers Limited. All Rights Reserved.",
	journal = "Nature Genetics",
	title = "{De novo assembly and genotyping of variants using colored de Bruijn graphs}",
	volume = "44",
	year = "2012"
}

@misc{srr-list,
	author = {Carl Kingsford},
	howpublished = {\url{https://www.cs.cmu.edu/~ckingsf/software/bloomtree/srr-list.txt}},
	note = {[online; accessed 06-Nov-2017]},
	title = {SRR List},
	year = {2017}
}

@article{mantis,
  doi = {10.1016/j.cels.2018.05.021},
  url = {https://doi.org/10.1016/j.cels.2018.05.021},
  year  = {2018},
  month = {Aug},
  publisher = {Elsevier {BV}},
  volume = {7},
  number = {2},
  pages = {201--207.e4},
  author = {Prashant Pandey and Fatemeh Almodaresi and Michael A. Bender and Michael Ferdman and Rob Johnson and Rob Patro},
  title = {{Mantis: A Fast,  Small,  and Exact Large-Scale Sequence-Search Index}},
  journal = {{Cell Systems}}
}

@inproceedings{rainbowfish,
  title={{Rainbowfish: A succinct colored de Bruijn graph representation}},
  author={Almodaresi, Fatemeh and Pandey, Prashant and Patro, Rob},
  booktitle={{LIPIcs-Leibniz International Proceedings in Informatics}},
  volume={88},
  year={2017},
  organization={{Schloss Dagstuhl-Leibniz-Zentrum fuer Informatik}}
}

@misc{nih-sra,
	author = {{NIH}},
	howpublished = {\url{https://www.ebi.ac.uk/ena/browse}},
	howpublished = {\url{https://www.ncbi.nlm.nih.gov/sra}},
	note = {[online; accessed 06-Nov-2017]},
	title = {{SRA}},
	year = {2017}
}

@misc{gencode-25,
	author = {Gencode},
	howpublished = {\url{https://www.gencodegenes.org/releases/25.html}},
	note = {[online; accessed 06-Nov-2017]},
	title = {Release 25},
	year = {2017}
}

@article{MarcaisKi11,
  author    = {Guillaume Mar{\c{c}}ais and
               Carl Kingsford},
  title     = {A fast, lock-free approach for efficient parallel counting of occurrences
               of \emph{k}-mers},
  journal   = {Bioinformatics},
  volume    = {27},
  number    = {6},
  pages     = {764--770},
  year      = {2011},
  url       = {https://doi.org/10.1093/bioinformatics/btr011},
  doi       = {10.1093/bioinformatics/btr011},
  timestamp = {Sun, 28 May 2017 13:19:24 +0200},
  biburl    = {http://dblp.org/rec/bib/journals/bioinformatics/MarcaisK11},
  bibsource = {dblp computer science bibliography, http://dblp.org}
}

