@article{paten2017genome,
  title={Genome graphs and the evolution of genome inference},
  author={Paten, Benedict and Novak, Adam M and Eizenga, Jordan M and Garrison, Erik},
  journal={Genome research},
  volume={27},
  number={5},
  pages={665--676},
  year={2017},
  publisher={Cold Spring Harbor Lab}
}

@incollection{edmonds2003matching,
  title={Matching: A well-solved class of integer linear programs},
  author={Edmonds, Jack and Johnson, Ellis L},
  booktitle={Combinatorial Optimization?Eureka, You Shrink!},
  pages={27--30},
  year={2003},
  publisher={Springer}
}

@article{medvedev2009maximum,
  title={Maximum likelihood genome assembly},
  author={Medvedev, Paul and Brudno, Michael},
  journal={Journal of computational Biology},
  volume={16},
  number={8},
  pages={1101--1116},
  year={2009},
  publisher={Mary Ann Liebert, Inc. 140 Huguenot Street, 3rd Floor New Rochelle, NY 10801 USA}
}

@inproceedings{maciuca2016natural,
  title={A natural encoding of genetic variation in a Burrows-Wheeler Transform to enable mapping and genome inference},
  author={Maciuca, Sorina and del Ojo Elias, Carlos and McVean, Gil and Iqbal, Zamin},
  booktitle={International Workshop on Algorithms in Bioinformatics},
  pages={222--233},
  year={2016},
  organization={Springer}
}


@article{chang2015bridger,
  title={Bridger: a new framework for de novo transcriptome assembly using RNA-seq data},
  author={Chang, Zheng and Li, Guojun and Liu, Juntao and Zhang, Yu and Ashby, Cody and Liu, Deli and Cramer, Carole L and Huang, Xiuzhen},
  journal={Genome biology},
  volume={16},
  number={1},
  pages={30},
  year={2015},
  publisher={BioMed Central}
}

@article{kannan2016shannon,
  title={Shannon: An Information-Optimal de Novo RNA-Seq Assembler},
  author={Kannan, Sreeram and Hui, Joseph and Mazooji, Kayvon and Pachter, Lior and Tse, David},
  journal={bioRxiv},
  pages={039230},
  year={2016},
  publisher={Cold Spring Harbor Labs Journals}
}
@article{conway2011succinct,
  title={Succinct data structures for assembling large genomes},
  author={Conway, Thomas C and Bromage, Andrew J},
  journal={Bioinformatics},
  volume={27},
  number={4},
  pages={479--486},
  year={2011},
  publisher={Oxford University Press}
}

@article{liu2016debga,
  title={deBGA: read alignment with de Bruijn graph-based seed and extension},
  author={Liu, Bo and Guo, Hongzhe and Brudno, Michael and Wang, Yadong},
  journal={Bioinformatics},
  volume={32},
  number={21},
  pages={3224--3232},
  year={2016},
  publisher={Oxford University Press}
}
@article{liao2013subread,
  title={The Subread aligner: fast, accurate and scalable read mapping by seed-and-vote},
  author={Liao, Yang and Smyth, Gordon K and Shi, Wei},
  journal={Nucleic acids research},
  volume={41},
  number={10},
  pages={e108--e108},
  year={2013},
  publisher={Oxford University Press}
}
@article{langmead2012fast,
  title={Fast gapped-read alignment with Bowtie 2},
  author={Langmead, Ben and Salzberg, Steven L},
  journal={Nature methods},
  volume={9},
  number={4},
  pages={357--359},
  year={2012},
  publisher={Nature Research}
}
@article{li2013aligning,
  title={Aligning sequence reads, clone sequences and assembly contigs with BWA-MEM},
  author={Li, Heng},
  journal={arXiv preprint arXiv:1303.3997},
  year={2013}
}

@article{dobin2013star,
  title={STAR: ultrafast universal RNA-seq aligner},
  author={Dobin, Alexander and Davis, Carrie A and Schlesinger, Felix and Drenkow, Jorg and Zaleski, Chris and Jha, Sonali and Batut, Philippe and Chaisson, Mark and Gingeras, Thomas R},
  journal={Bioinformatics},
  volume={29},
  number={1},
  pages={15--21},
  year={2013},
  publisher={Oxford University Press}
}


@article{schneeberger2009simultaneous,
  title={Simultaneous alignment of short reads against multiple genomes},
  author={Schneeberger, Korbinian and Hagmann, J{\"o}rg and Ossowski, Stephan and Warthmann, Norman and Gesing, Sandra and Kohlbacher, Oliver and Weigel, Detlef},
  journal={Genome biology},
  volume={10},
  number={9},
  pages={R98},
  year={2009},
  publisher={BioMed Central}
}
@article{limasset2016read,
  title={Read mapping on de Bruijn graphs},
  author={Limasset, Antoine and Cazaux, Bastien and Rivals, Eric and Peterlongo, Pierre},
  journal={BMC bioinformatics},
  volume={17},
  number={1},
  pages={237},
  year={2016},
  publisher={BioMed Central}
}
@article{simpson2009abyss,
  title={ABySS: a parallel assembler for short read sequence data},
  author={Simpson, Jared T and Wong, Kim and Jackman, Shaun D and Schein, Jacqueline E and Jones, Steven JM and Birol, Inan{\c{c}}},
  journal={Genome research},
  volume={19},
  number={6},
  pages={1117--1123},
  year={2009},
  publisher={Cold Spring Harbor Lab}
}


@ARTICLE{noyes2016resistome,
  AUTHOR = {Noyes, Noelle R and Yang, Xiang and Linke, Lyndsey M and Magnuson, Roberta J and Dettenwanger, Adam and Cook, Shaun and Geornaras, Ifigenia and Woerner, Dale E and Gow, Sheryl P and McAllister, Tim A and others},
  JOURNALTITLE = {ELife},
  PAGES = {e13195},
  PUBLISHER = {eLife Sciences Publications Limited},
  TITLE = {Resistome diversity in cattle and the environment decreases during beef production},
  VOLUME = {5},
  YEAR = {2016},
}

@ARTICLE{o2015reference,
  AUTHOR = {O'Leary, Nuala A and Wright, Mathew W and Brister, J Rodney and Ciufo, Stacy and Haddad, Diana and McVeigh, Rich and Rajput, Bhanu and Robbertse, Barbara and Smith-White, Brian and Ako-Adjei, Danso and others},
  JOURNALTITLE = {Nucleic acids research},
  PAGES = {gkv1189},
  PUBLISHER = {Oxford Univ Press},
  TITLE = {Reference sequence (RefSeq) database at NCBI: current status, taxonomic expansion, and functional annotation},
  YEAR = {2015},
}

@ARTICLE{Harrow2012,
  doi = {10.1101/gr.135350.111},
  url = {https://doi.org/10.1101%2Fgr.135350.111},
  year  = {2012},
  month = {sep},
  publisher = {Cold Spring Harbor Laboratory Press},
  volume = {22},
  number = {9},
  pages = {1760--1774},
  author = {J. Harrow and A. Frankish and J. M. Gonzalez and E. Tapanari and M. Diekhans and F. Kokocinski and B. L. Aken and D. Barrell and A. Zadissa and S. Searle and I. Barnes and A. Bignell and V. Boychenko and T. Hunt and M. Kay and G. Mukherjee and J. Rajan and G. Despacio-Reyes and G. Saunders and C. Steward and R. Harte and M. Lin and C. Howald and A. Tanzer and T. Derrien and J. Chrast and N. Walters and S. Balasubramanian and B. Pei and M. Tress and J. M. Rodriguez and I. Ezkurdia and J. van Baren and M. Brent and D. Haussler and M. Kellis and A. Valencia and A. Reymond and M. Gerstein and R. Guigo and T. J. Hubbard},
  title = {{GENCODE}: The reference human genome annotation for The {ENCODE} Project},
  journal = {Genome Research}
}

@ARTICLE{haas2013novo,
  title={De novo transcript sequence reconstruction from RNA-Seq: reference generation and analysis with Trinity},
  author={Haas, Brian J and Papanicolaou, Alexie and Yassour, Moran and Grabherr, Manfred and Blood, Philip D and Bowden, Joshua and Couger, Matthew Brian and Eccles, David and Li, Bo and Lieber, Matthias and others},
  journal={Nature protocols},
  volume={8},
  number={8},
  year={2013},
  publisher={NIH Public Access}
}

@ARTICLE{sarkar2017towards,
  title={Towards Selective-Alignment: Producing Accurate And Sensitive Alignments Using Quasi-Mapping},
  author={Sarkar, Hirak and Zakeri, Mohsen and Malik, Laraib and Patro, Rob},
  journal={bioRxiv},
  pages={138800},
  year={2017},
  publisher={Cold Spring Harbor Labs Journals}
}

@ARTICLE{srivastava2016rapmap,
  title={RapMap: a rapid, sensitive and accurate tool for mapping RNA-seq reads to transcriptomes},
  author={Srivastava, Avi and Sarkar, Hirak and Gupta, Nitish and Patro, Rob},
  journal={Bioinformatics},
  volume={32},
  number={12},
  pages={i192--i200},
  year={2016},
  publisher={Oxford University Press}
}

@ARTICLE{limasset2017fast,
  title={Fast and scalable minimal perfect hashing for massive key sets},
  author={Limasset, Antoine and Rizk, Guillaume and Chikhi, Rayan and Peterlongo, Pierre},
  journal={arXiv preprint arXiv:1702.03154},
  year={2017}
}

@INPROCEEDINGS{Ferragina2001Experimental,
  title={An experimental study of an opportunistic index},
  author={Ferragina, Paolo and Manzini, Giovanni},
  booktitle={Proceedings of the twelfth annual ACM-SIAM symposium on Discrete algorithms},
  pages={269--278},
  year={2001},
  organization={Society for Industrial and Applied Mathematics}
}

@ARTICLE{minkin2016twopaco,
  title={TwoPaCo: An efficient algorithm to build the compacted de Bruijn graph from many complete genomes},
  author={Minkin, Ilia and Pham, Son and Medvedev, Paul},
  journal={Bioinformatics},
  pages={btw609},
  year={2016},
  publisher={Oxford Univ Press}
}

@ARTICLE{Bray2016Kallisto,
  title={{Near-optimal probabilistic RNA-seq quantification}},
  author={Bray, Nicolas L and Pimentel, Harold and Melsted, P{\'a}ll and Pachter, Lior},
  journal={{Nature Biotechnology}},
  volume={34},
  number={5},
  pages={525--527},
  year={2016},
  publisher={Nature Publishing Group}
}

@article{grabherr2011full,
  title={Full-length transcriptome assembly from RNA-Seq data without a reference genome},
  author={Grabherr, Manfred G and Haas, Brian J and Yassour, Moran and Levin, Joshua Z and Thompson, Dawn A and Amit, Ido and Adiconis, Xian and Fan, Lin and Raychowdhury, Raktima and Zeng, Qiandong and others},
  journal={Nature biotechnology},
  volume={29},
  number={7},
  pages={644--652},
  year={2011},
  publisher={Nature Publishing Group}
}

@inproceedings{gbmp2014sea,
  title     = {From Theory to Practice: Plug and Play with Succinct Data Structures},
  author    = {Gog, Simon and Beller, Timo and Moffat, Alistair and Petri, Matthias},
  booktitle = {13th International Symposium on Experimental Algorithms, (SEA 2014)},
  year      = {2014},
  pages     = {326-337},
  ee        = {http://dx.doi.org/10.1007/978-3-319-07959-2_28}
}

@article{holley2016bloom,
  title={Bloom filter trie: an alignment-free and reference-free data structure for pan-genome storage},
  author={Holley, Guillaume and Wittler, Roland and Stoye, Jens},
  journal={Algorithms for Molecular Biology},
  volume={11},
  number={1},
  pages={3},
  year={2016},
  publisher={BioMed Central}
}

@inproceedings{salikhov2013using,
  title={Using cascading Bloom filters to improve the memory usage for de Brujin graphs},
  author={Salikhov, Kamil and Sacomoto, Gustavo and Kucherov, Gregory},
  booktitle={International Workshop on Algorithms in Bioinformatics},
  pages={364--376},
  year={2013},
  organization={Springer}
}

@inproceedings{chikhi2012space,
  title={Space-efficient and exact de Bruijn graph representation based on a Bloom filter},
  author={Chikhi, Rayan and Rizk, Guillaume},
  booktitle={International Workshop on Algorithms in Bioinformatics},
  pages={236--248},
  year={2012},
  organization={Springer}
}

@article{chikhi2013space,
  title={Space-efficient and exact de Bruijn graph representation based on a Bloom filter},
  author={Chikhi, Rayan and Rizk, Guillaume},
  journal={Algorithms for Molecular Biology},
  volume={8},
  number={1},
  pages={22},
  year={2013},
  publisher={BioMed Central}
}

@article{pell2012scaling,
  title={Scaling metagenome sequence assembly with probabilistic de Bruijn graphs},
  author={Pell, Jason and Hintze, Arend and Canino-Koning, Rosangela and Howe, Adina and Tiedje, James M and Brown, C Titus},
  journal={Proceedings of the National Academy of Sciences},
  volume={109},
  number={33},
  pages={13272--13277},
  year={2012},
  publisher={National Acad Sciences}
}

@article{chikhi2016compacting,
  title={Compacting de Bruijn graphs from sequencing data quickly and in low memory},
  author={Chikhi, Rayan and Limasset, Antoine and Medvedev, Paul},
  journal={Bioinformatics},
  volume={32},
  number={12},
  pages={i201--i208},
  year={2016},
  publisher={Oxford University Press}
}